%!TEX root = Main.tex
%For references

@techreport{tech_report_example,
    asdsdmasøkdkajæ'ÆDKAD'ÆLkd'æLAJDK'lfjlæaskdKÆLKDA'
}


